@phdthesis{broglie,
  title={On the Theory of Quanta},
  author={De Broglie, Louis},
  year={1924},
  school={Migration-universit{\'e} en cours d'affectation}
}

@article{uncertainty,
  title={\textit{Uncertainty relation for the discrete Fourier transform}},
  author={Massar, Serge and Spindel, Philippe},
  journal={Physical review letters},
  volume={100},
  number={19},
  pages={190401},
  year={2008},
  publisher={APS}
}

@book{history,
  title={\textit{History of quantum theory}},
  author={Hund, Friedrich},
  year={1980}
}

@misc{wiki:lqg,
  title = {\textit{Loop quantum gravity}},
  author = {Wikipedia},
  howpublished = {\url{https://en.wikipedia.org/wiki/Loop_quantum_gravity}},
  note = {Zugriff: März 2018}
}

@misc{wiki:dft,
  title = {\textit{Discrete {F}ourier transform}},
  author = {Wikipedia},
  howpublished = {\url{https://en.wikipedia.org/wiki/Discrete_Fourier_transform}},
  note = {Zugriff: März 2018}
}

@misc{wiki:dtft,
  title = {\textit{Discrete-time {F}ourier transform}},
  author = {Wikipedia},
  howpublished = {\url{https://en.wikipedia.org/wiki/Discrete_time_Fourier_transform}},
  note = {Zugriff: März 2018}
}